<record xmlns="http://www.loc.gov/MARC21/slim" xmlns:xsi="http://www.w3.org/2001/XMLSchema-instance" xsi:schemaLocation="http://www.loc.gov/MARC21/slim http://www.loc.gov/standards/marcxml/schema/MARC21slim.xsd"><leader>     nam a22        4500</leader><controlfield tag="001">002744130</controlfield><controlfield tag="003">NNU</controlfield><controlfield tag="006">m        d        </controlfield><controlfield tag="007">cr cn |||m|||a</controlfield><controlfield tag="008">150313s1952    le      o     000 1 ara d</controlfield><datafield ind1=" " ind2=" " tag="040"><subfield code="a">NNU</subfield><subfield code="b">eng</subfield><subfield code="c">NNU</subfield></datafield><datafield ind1="1" ind2=" " tag="100"><subfield code="a">La&#7717;&#7717;&#363;d, Ad&#299;b.</subfield></datafield><datafield ind1="1" ind2="0" tag="245"><subfield code="a">Bishr ibn &#699;Aw&#257;nah</subfield><subfield code="h">[electronic resource] :</subfield><subfield code="b">tamth&#299;l&#299;yah t&#257;r&#299;kh&#299;yah dh&#257;t arba&#699;at fu&#7779;&#363;l /</subfield><subfield code="c">Ad&#299;b La&#7717;&#7717;&#363;d.</subfield></datafield><datafield ind1=" " ind2=" " tag="260"><subfield code="a">Bayr&#363;t :</subfield><subfield code="b">Maktabat &#7778;&#257;dir,</subfield><subfield code="c">1952.</subfield></datafield><datafield ind1=" " ind2=" " tag="300"><subfield code="a">online resource (77 p.)</subfield></datafield><datafield ind1=" " ind2=" " tag="500"><subfield code="a">Part of the Arabic Collections Online (ACO) project, contributed by New York Univeristy Libraries.</subfield></datafield><datafield ind1=" " ind2=" " tag="533"><subfield code="a">Electronic reproduction.</subfield><subfield code="b">New York, N.Y. :</subfield><subfield code="c">New York University,</subfield><subfield code="d">2015.</subfield><subfield code="5">NNU</subfield></datafield><datafield ind1="2" ind2=" " tag="710"><subfield code="a">New York University.</subfield><subfield code="b">Libraries.</subfield></datafield><datafield ind1="0" ind2=" " tag="730"><subfield code="a">Arabic Collections Online.</subfield></datafield><datafield ind1="0" ind2="8" tag="776"><subfield code="i">Print version:</subfield><subfield code="a">La&#7717;&#7717;&#363;d, Ad&#299;b.</subfield><subfield code="t">Bishr ibn &#699;Aw&#257;nah</subfield><subfield code="w">(NNU)002744130</subfield></datafield><datafield ind1="4" ind2="0" tag="856"><subfield code="u">http://hdl.handle.net/2333.1/gb5mkp7x</subfield></datafield><datafield ind1=" " ind2=" " tag="959"><subfield code="a">NNU</subfield><subfield code="b">WEB</subfield><subfield code="c">GENI</subfield><subfield code="t">0</subfield><subfield code="m">Electronic access</subfield><subfield code="s">01</subfield></datafield><datafield ind1=" " ind2=" " tag="999"><subfield code="i">NNU_002744130</subfield><subfield code="s">nyu_aco000534</subfield><subfield code="e">(ERROR-880)</subfield></datafield></record>